<record><leader>00000cas a22000007a 4500</leader><controlfield tag="001">18130446</controlfield><controlfield tag="008">880624d18721872pausr ne      0    0eng d</controlfield><datafield ind1=" " ind2=" " tag="010"><subfield code="a">sn 88080864 </subfield></datafield><datafield ind1=" " ind2=" " tag="040"><subfield code="a">NPH</subfield><subfield code="b">eng</subfield><subfield code="c">NPH</subfield><subfield code="d">OCLCQ</subfield></datafield><datafield ind1=" " ind2=" " tag="042"><subfield code="a">msc</subfield></datafield><datafield ind1="0" ind2=" " tag="130"><subfield code="a">Beacon (Hulmeville, Pa.)</subfield></datafield><datafield ind1="1" ind2="4" tag="245"><subfield code="a">The Beacon.</subfield></datafield><datafield ind1=" " ind2=" " tag="260"><subfield code="a">Hulmeville, Pa. :</subfield><subfield code="b">W.P. Tilton,</subfield><subfield code="c">-1872.</subfield></datafield><datafield ind1=" " ind2=" " tag="300"><subfield code="a">v. :</subfield><subfield code="b">ill. (chiefly advertisements) ;</subfield><subfield code="c">22 cm.</subfield></datafield><datafield ind1=" " ind2=" " tag="310"><subfield code="a">Semimonthly</subfield></datafield><datafield ind1="1" ind2=" " tag="362"><subfield code="a">Began in 1872.</subfield></datafield><datafield ind1="0" ind2=" " tag="362"><subfield code="a">-v. 2, no. 17 (Dec. 15, 1872).</subfield></datafield><datafield ind1=" " ind2=" " tag="500"><subfield code="a">"The light which lighteth the world."</subfield></datafield><datafield ind1=" " ind2=" " tag="588"><subfield code="a">Description based on: Vol. 2, no. 1 (Apr. 20, 1872).</subfield></datafield><datafield ind1=" " ind2=" " tag="752"><subfield code="a">United States</subfield><subfield code="b">Pennsylvania</subfield><subfield code="c">Bucks</subfield><subfield code="d">Hulmeville.</subfield></datafield><datafield ind1="0" ind2="0" tag="780"><subfield code="t">Squib (Hulmeville, Pa.)</subfield></datafield><datafield ind1="0" ind2="0" tag="785"><subfield code="t">Hulmeville beacon</subfield><subfield code="w">(DLC)sn 83032112</subfield></datafield></record>